@misc{jodrell-bank-centre-for-astrophysics-no-date,
	author = {Jodrell Bank Centre for Astrophysics},
	title = {{Geometry of lens systems}},
	url = {https://www.jb.man.ac.uk/distance/frontiers/glens/section2.htm},
}
@misc{weber-no-date,
	author = {Weber, Bryan},
	title = {{Hyperbolic Trajectories (\(e > 1\)) — Orbital Mechanics \& Astrodynamics}},
	url = {https://orbital-mechanics.space/time-since-periapsis-and-keplers-equation/hyperbolic-trajectories.html},
}
@book{hand-1998,
	author = {Hand, Louis N. and Finch, Janet D.},
	month = {11},
	publisher = {Cambridge University Press},
	title = {{Analytical Mechanics}},
	year = {1998},
        chapter = {4}
}
@misc{nasa-2023,
	author = {NASA},
	month = {8},
	title = {{Roman Simulated Deep Field 3k}},
	year = {2023},
	url = {https://gms.gsfc.nasa.gov/vis/a010000/a014300/a014301/Roman_Simulated_Deep_Field_3k.jpg},
}
@misc{informationesoorg-no-date,
	author = {information@eso.org},
	title = {{Gravitational lensing}},
	url = {https://esahubble.org/wordbank/gravitational-lensing/#:~:text=Gravitational%20lensing%20occurs%20when%20a,accordingly%20called%20a%20gravitational%20lens.},
}
@misc{unknown-author-2022,
	month = {10},
	title = {{Gravitational Lensing | Center for Astrophysics | Harvard \& Smithsonian}},
	year = {2022},
	url = {https://www.cfa.harvard.edu/research/topic/gravitational-lensing},
}
@misc{lea-2023,
	author = {Lea, Robert},
	month = {5},
	title = {{A cosmic magnifying glass: What is gravitational lensing?}},
	year = {2023},
	url = {https://www.space.com/gravitational-lensing-explained},
}
@book{walker-2005,
	author = {Walker, Lee},
	booktitle = {Elsevier eBooks},
	month = {1},
	pages = {265--270},
	title = {{Hypothesis Tests and Proofs}},
	year = {2005},
	doi = {10.1016/b0-12-369398-5/00019-0},
	url = {https://www.sciencedirect.com/topics/mathematics/frequentist-approach},
}
@misc{hayes-2024,
	author = {Hayes, Adam},
	month = {3},
	title = {{Bayes' Theorem: What It Is, the Formula, and Examples}},
	year = {2024},
	url = {https://www.investopedia.com/terms/b/bayes-theorem.asp},
}
@misc{unknown-author-2023,
	month = {6},
	title = {{Bayes theorem}},
	year = {2023},
	url = {https://philosophersview.com/bayes-theorem/},
}
@misc{wikipedia-bijdragers-2023,
	author = {Wikipedia-bijdragers},
	month = {4},
	title = {{Monte-CarloSimulatie}},
	year = {2023},
	url = {https://nl.wikipedia.org/wiki/Monte-Carlosimulatie},
}
@misc{kenton-2023,
	author = {Kenton, Will},
	month = {11},
	title = {{Monte Carlo Simulation: What It Is, History, How It Works, and 4 Key Steps}},
	year = {2023},
	url = {https://www.investopedia.com/terms/m/montecarlosimulation.asp},
}
@misc{unknown-author-2023-MCMC,
	month = {3},
	title = {{Markov Chain Monte Carlo}},
	year = {2023},
	url = {https://www.publichealth.columbia.edu/research/population-health-methods/markov-chain-monte-carlo},
}
@misc{unknown-author-no-date,
	title = {{The Metropolis algorithm}},
	url = {https://web.northeastern.edu/afeiguin/phys5870/phys5870/node80.html},
}
@book{thijssen-2007,
	author = {Thijssen, Jos},
	month = {3},
	publisher = {Cambridge University Press},
	title = {{Computational Physics}},
	year = {2007},
}
@misc{unknown-author-no-date-emcee,
	title = {{emcee — emcee}},
	url = {https://emcee.readthedocs.io/en/stable/},
}
@misc{unknown-author-no-date-python,
	title = {{The Python Standard Library}},
	url = {https://docs.python.org/3/library/index.html},
}
@book{sivia-2006,
	author = {Sivia, Devinderjit and Skilling, John},
	month = {6},
	publisher = {Oxford University Press},
	title = {{Data analysis}},
	year = {2006},
}
@misc{unknown-author-no-date-sersic,
	title = {{A concise reference to (projected) Sérsic R1/n quantities,
including Concentration, Profile Slopes, Petrosian indices, and Kron
Magnitudes - A.W. Graham \& S.P. Driver}},
	url = {https://ned.ipac.caltech.edu/level5/March05/Graham/Graham2.html},
}
@misc{wikipedia-contributors-2024,
	author = {Wikipedia contributors},
	month = {2},
	title = {{Sérsic profile}},
	year = {2024},
	url = {https://en.wikipedia.org/wiki/S%C3%A9rsic_profile},
}
@misc{wikipedia-contributors-2023-reff,
	author = {Wikipedia contributors},
	month = {10},
	title = {{Galaxy effective radius}},
	year = {2023},
	url = {https://en.wikipedia.org/wiki/Galaxy_effective_radius},
}
@misc{unknown-author-no-date-info-sersic,
	title = {{Background information — PetroFit V0.5.1.dev11+g79641f1.d20240227}},
	url = {https://petrofit.readthedocs.io/en/latest/introduction.html},
}
@article{chen-2020,
	author = {Chen, Mandy C. and Broadhurst, Tom and Lim, Jeremy and Molnar, Sandor M. and Diego, J. M. and Oguri, Masamune and Lee, L. L.},
	journal = {Astrophysical journal/The Astrophysical journal},
	month = {7},
	number = {1},
	pages = {81},
	title = {{Geometric Support for Dark Matter by an Unaligned Einstein Ring in A3827}},
	volume = {898},
	year = {2020},
	doi = {10.3847/1538-4357/ab9ebc},
	url = {https://ui.adsabs.harvard.edu/abs/2020ApJ...898...81C/abstract},
}
@article{erwin-2015,
	author = {Erwin, Peter},
	journal = {Astrophysical journal/The Astrophysical journal},
	month = {1},
	number = {2},
	pages = {226},
	title = {{IMFIT: A FAST, FLEXIBLE NEW PROGRAM FOR ASTRONOMICAL IMAGE FITTING}},
	volume = {799},
	year = {2015},
	doi = {10.1088/0004-637x/799/2/226},
	url = {https://ui.adsabs.harvard.edu/abs/2015ApJ...799..226E/abstract},
}
@article{peng-2010,
	author = {Peng, Chien Y. and Ho, Luis C. and Impey, Chris and Rix, H. W.},
	journal = {The Astronomical journal},
	month = {4},
	number = {6},
	pages = {2097--2129},
	title = {{DETAILED DECOMPOSITION OF GALAXY IMAGES. II. BEYOND AXISYMMETRIC MODELS}},
	volume = {139},
	year = {2010},
	doi = {10.1088/0004-6256/139/6/2097},
	url = {https://doi.org/10.1088/0004-6256/139/6/2097},
}
@misc{unknown-author-no-date-galfit,
	title = {{GALFIT home page}},
	url = {https://users.obs.carnegiescience.edu/peng/work/galfit/galfit.html},
}